@misc{ user_manual, place={Markham, Ontario}, title={SRV02 Rotary Servo Base Unit - Set Up and Configuration}, journal={SRV02 Rotary Servo Base Unit - Set Up and Configuration}, publisher={Quanser Inc.}, author={ Apkarian, Jacob and Lévis, Michel and Gurocak, Hakan}, year={2011}}
@misc{ workbook, place={Markham, Ontario}, title={SRV02 - Student Workbook}, journal={SRV02 Rotary Servo Base Unit - Set Up and Configuration}, publisher={Quanser Inc.}, author={ Apkarian, Jacob and Lévis, Michel and Gurocak, Hakan}, year={2011}}
